[gd_scene load_steps=10 format=2]

[ext_resource path="res://Scripts/Menu.gd" type="Script" id=1]
[ext_resource path="res://Assets/Graphics/Sunny Land/Menu/bg.png" type="Texture" id=2]
[ext_resource path="res://Assets/Graphics/Sunny Land/Menu/instructions.png" type="Texture" id=3]
[ext_resource path="res://Assets/Graphics/Sunny Land/Menu/press-enter-text.png" type="Texture" id=4]
[ext_resource path="res://Assets/Graphics/Sunny Land/Menu/title-screen.png" type="Texture" id=5]

[sub_resource type="Shader" id=1]

[sub_resource type="ShaderMaterial" id=2]
shader = SubResource( 1 )

[sub_resource type="RectangleShape2D" id=3]
extents = Vector2( 100, 10 )

[sub_resource type="Animation" id=4]
length = 5.0
loop = true
tracks/0/type = "value"
tracks/0/path = NodePath("background:modulate")
tracks/0/interp = 1
tracks/0/loop_wrap = true
tracks/0/imported = false
tracks/0/enabled = true
tracks/0/keys = {
"times": PoolRealArray( 0, 3 ),
"transitions": PoolRealArray( 1, 1 ),
"update": 0,
"values": [ Color( 1, 1, 1, 1 ), Color( 0.541176, 0.541176, 0.541176, 1 ) ]
}

[node name="Menu" type="Control"]
material = SubResource( 2 )
anchor_right = 1.0
anchor_bottom = 1.0
script = ExtResource( 1 )

[node name="background" type="TextureRect" parent="."]
anchor_right = 1.0
anchor_bottom = 1.0
margin_left = -1.75806
margin_top = -1.75806
margin_right = -1.75806
margin_bottom = -1.75806
texture = ExtResource( 2 )
expand = true

[node name="instructions" type="TextureRect" parent="."]
anchor_left = 0.5
anchor_top = 0.5
anchor_right = 0.5
anchor_bottom = 0.5
margin_left = -142.0
margin_top = -84.0
margin_right = 142.0
margin_bottom = 84.0
texture = ExtResource( 3 )

[node name="press" type="TouchScreenButton" parent="."]
position = Vector2( 119.148, 193.392 )
normal = ExtResource( 4 )
shape = SubResource( 3 )
action = "ui_accept"

[node name="title" type="TextureRect" parent="."]
anchor_left = 0.5
anchor_right = 0.5
margin_left = -97.0
margin_top = 20.0
margin_right = 97.0
margin_bottom = 58.0
texture = ExtResource( 5 )
__meta__ = {
"_edit_use_anchors_": false
}

[node name="AnimMenu" type="AnimationPlayer" parent="."]
autoplay = "Anim"
anims/Anim = SubResource( 4 )
[connection signal="pressed" from="press" to="." method="_on_press_pressed"]
